%@article{symmetry,
%  title        = "Preferential Delegated Proof of Stake (PDPoS)—Modified DPoS with Two Layers towards Scalability and Higher TPS",
%  author       = "Vishal Bachani, Aniruddha Bhattacharjya",
%  journal = {Symmetry},
%  year         = {Массачусетс, 2022},
%  pages    = "4--19",
%}

%@Article{symmetry,
%AUTHOR = {Bachani, Vishal and Bhattacharjya, Aniruddha},
%TITLE = {Preferential Delegated Proof of Stake (PDPoS)&mdash;Modified DPoS with Two Layers towards Scalability and Higher TPS},
%JOURNAL = {Symmetry},
%VOLUME = {15},
%YEAR = {2023},
%NUMBER = {1},
%ARTICLE-NUMBER = {4},
%URL = {https://www.mdpi.com/2073-8994/15/1/4},
%}

@Article{march,
	AUTHOR = {Даниил Андреевич Кравченко},
	TITLE = {Микросервисная архитектура},
	JOURNAL = {Интерактивная наука},
	YEAR = {2022},
	NUMBER = {4},
	PAGES = {69}
}

@article{m_security,
author = {Nuno Mateus-Coelho and Manuela Cruz-Cunha and Luis Gonzaga Ferreira},
title = {Security in Microservices Architectures},
journal = {Procedia Computer Science},
volume = {181},
pages = {1225-1236},
year = {2021},
issn = {1877-0509},
doi = {https://doi.org/10.1016/j.procs.2021.01.320}
}
%https://www.sciencedirect.com/science/article/pii/S1877050921003719

@article{iam,
author = {Epping, Michael and Morowczynski, Mark},
year = {2021},
month = {09},
title = {Authentication and Authorization},
volume = {1},
journal = {IDPro Body of Knowledge}
}

@article{m_auth,
author = {Shaikh, Shagufta and Mane, Sunil},
year = {2017},
month = {04},
pages = {3342-3345},
title = {Authentic techniques of authentication in microservices},
volume = {6},
journal = {International Journal of Current Advanced Research}
}

@misc{oauth2_spec,
	title        = {The OAuth 2.0 Authorization Framework [Электронный доступ].},
	howpublished   = {Режим доступа URL: \url{https://datatracker.ietf.org/doc/html/rfc6749} (дата обращения: 05.06.2025)}
}

@article{oauth2_artc,
author = {Khedrane, Atallah and Salmi, Hamza and Abdelhamid, Bernaoui},
year = {2014},
month = {05},
journal = {Bernaoui Abdelhamid},
title = {Securing Web APIs with OAuth 2.0}
}

@inproceedings{oidc,
author = {Li, Wanpeng and Mitchell, Chris},
year = {2020},
month = {09},
pages = {664-6732},
title = {User Access Privacy in OAuth 2.0 and OpenID Connect}
}

@phdthesis{saml,
author = {Ferdous, Md. Sadek},
year = {2015},
month = {06},
pages = {},
title = {User-controlled Identity Management Systems using mobile devices}
}

@article{svcmesh_tls,
      title={Technical Report: Performance Comparison of Service Mesh Frameworks: the MTLS Test Case}, 
      author={Anat Bremler Barr and Ofek Lavi and Yaniv Naor},
      year={2024},
      month = {11}
}
%and Sanjeev Rampal and Jhonatan Tavori


@misc{svc_mesh_cite,
	title        = {Introduction to Service Mesh Technologies [Электронный доступ].},
	howpublished = {Режим доступа URL: \url{https://www.wallarm.com/cloud-native-products-101/istio-vs-linkerd-service-mesh-technologies} (дата обращения: 05.06.2025)}
}

@misc{spiffe,
	title        = {SPIFFE Overview [Электронный доступ].},
	howpublished = {Режим доступа URL: \url{https://spiffe.io/docs/latest/spiffe-about/overview/} (дата обращения: 05.06.2025)}
}

@misc{spire,
	title        = {SPIRE Concepts [Электронный доступ].},
	howpublished = {Режим доступа URL: \url{https://spiffe.io/docs/latest/spire-about/spire-concepts/} (дата обращения: 05.06.2025)}
}

@article{access_control,
author = {Rahaman, Mmm and Tisha, Sss and Song, Eee},
year = {2023},
month = {03},
title = {Access Control Design Practice and Solutions in Cloud-Native Architecture: A Systematic Mapping Study},
journal = {Sensors (Basel)}
}
% https://pmc.ncbi.nlm.nih.gov/articles/PMC10098865/

@misc{kubernetes,
	title        = {Kubernetes Documentation [Электронный доступ].},
	howpublished = {Режим доступа URL: \url{https://kubernetes.io/docs/home/} (дата обращения: 05.06.2025)}
}

@article{sidecar,
author = {Catherine Meadows, Sena Hounsinou, and Gedare Bloom},
year = {2023},
month = {06},
title = {Sidecar-based Path-aware Security for Microservices},
journal = {ACM Symposium on Access Control Models and Technologies}
}


%https://datatracker.ietf.org/doc/html/rfc6749#section-2.1
%@misc{<ref_name>,
%  title        = "",
%  howpublished = "",
%  note         = "(Дата обращения: 20.09.2024)"
%}